%YAML 1.1
%TAG !u! tag:unity3d.com,2011:
--- !u!1 &1318365921945261569
GameObject:
  m_ObjectHideFlags: 0
  m_CorrespondingSourceObject: {fileID: 0}
  m_PrefabInstance: {fileID: 0}
  m_PrefabAsset: {fileID: 0}
  serializedVersion: 6
  m_Component:
  - component: {fileID: 1318365921944832545}
  m_Layer: 11
  m_Name: Froggo_L_Shoulder_Bone001
  m_TagString: Untagged
  m_Icon: {fileID: 0}
  m_NavMeshLayer: 0
  m_StaticEditorFlags: 0
  m_IsActive: 1
--- !u!4 &1318365921944832545
Transform:
  m_ObjectHideFlags: 0
  m_CorrespondingSourceObject: {fileID: 0}
  m_PrefabInstance: {fileID: 0}
  m_PrefabAsset: {fileID: 0}
  m_GameObject: {fileID: 1318365921945261569}
  m_LocalRotation: {x: -0.022910936, y: 0.38216314, z: -0.032001965, w: 0.92325634}
  m_LocalPosition: {x: 5.2924957, y: -0.0000012207031, z: -0.0000025177}
  m_LocalScale: {x: 1, y: 1, z: 1}
  m_Children:
  - {fileID: 1318365921944832553}
  m_Father: {fileID: 1318365921944832559}
  m_RootOrder: 0
  m_LocalEulerAnglesHint: {x: 11.173758, y: 5.234562, z: 53.29904}
--- !u!1 &1318365921945261571
GameObject:
  m_ObjectHideFlags: 0
  m_CorrespondingSourceObject: {fileID: 0}
  m_PrefabInstance: {fileID: 0}
  m_PrefabAsset: {fileID: 0}
  serializedVersion: 6
  m_Component:
  - component: {fileID: 1318365921944832547}
  m_Layer: 11
  m_Name: Froggo_L_Knee_Bone001
  m_TagString: Untagged
  m_Icon: {fileID: 0}
  m_NavMeshLayer: 0
  m_StaticEditorFlags: 0
  m_IsActive: 1
--- !u!4 &1318365921944832547
Transform:
  m_ObjectHideFlags: 0
  m_CorrespondingSourceObject: {fileID: 0}
  m_PrefabInstance: {fileID: 0}
  m_PrefabAsset: {fileID: 0}
  m_GameObject: {fileID: 1318365921945261571}
  m_LocalRotation: {x: 0.000002593001, y: 0.000000018123378, z: 0.29597843, w: 0.95519465}
  m_LocalPosition: {x: -3.6781094, y: -0.000017092227, z: 0.00000030517577}
  m_LocalScale: {x: 1, y: 1, z: 1}
  m_Children:
  - {fileID: 1318365921944832557}
  m_Father: {fileID: 1318365921944832551}
  m_RootOrder: 0
  m_LocalEulerAnglesHint: {x: 0.00020030054, y: 0.00021948532, z: 64.432434}
--- !u!1 &1318365921945261573
GameObject:
  m_ObjectHideFlags: 0
  m_CorrespondingSourceObject: {fileID: 0}
  m_PrefabInstance: {fileID: 0}
  m_PrefabAsset: {fileID: 0}
  serializedVersion: 6
  m_Component:
  - component: {fileID: 1318365921944832549}
  m_Layer: 11
  m_Name: Froggo_L_Wrist_Bone001
  m_TagString: Untagged
  m_Icon: {fileID: 0}
  m_NavMeshLayer: 0
  m_StaticEditorFlags: 0
  m_IsActive: 1
--- !u!4 &1318365921944832549
Transform:
  m_ObjectHideFlags: 0
  m_CorrespondingSourceObject: {fileID: 0}
  m_PrefabInstance: {fileID: 0}
  m_PrefabAsset: {fileID: 0}
  m_GameObject: {fileID: 1318365921945261573}
  m_LocalRotation: {x: 0.026859581, y: 0.57450515, z: -0.2449689, w: 0.78052074}
  m_LocalPosition: {x: 7.2279515, y: 0.0000012207031, z: -0.0000024414062}
  m_LocalScale: {x: 1.0000001, y: 1.0000001, z: 1}
  m_Children: []
  m_Father: {fileID: 1318365921944832553}
  m_RootOrder: 0
  m_LocalEulerAnglesHint: {x: -30.053087, y: 5.7219906, z: 61.97453}
--- !u!1 &1318365921945261575
GameObject:
  m_ObjectHideFlags: 0
  m_CorrespondingSourceObject: {fileID: 0}
  m_PrefabInstance: {fileID: 0}
  m_PrefabAsset: {fileID: 0}
  serializedVersion: 6
  m_Component:
  - component: {fileID: 1318365921944832551}
  m_Layer: 11
  m_Name: Froggo_L_Tight_Bone001
  m_TagString: Untagged
  m_Icon: {fileID: 0}
  m_NavMeshLayer: 0
  m_StaticEditorFlags: 0
  m_IsActive: 1
--- !u!4 &1318365921944832551
Transform:
  m_ObjectHideFlags: 0
  m_CorrespondingSourceObject: {fileID: 0}
  m_PrefabInstance: {fileID: 0}
  m_PrefabAsset: {fileID: 0}
  m_GameObject: {fileID: 1318365921945261575}
  m_LocalRotation: {x: -0.00000002277433, y: -0.000002579163, z: 0.99996704, w: -0.008118063}
  m_LocalPosition: {x: 0.19622558, y: 0.04150253, z: 2.7954662}
  m_LocalScale: {x: 1, y: 1, z: 1}
  m_Children:
  - {fileID: 1318365921944832547}
  m_Father: {fileID: 1318365921944832565}
  m_RootOrder: 1
  m_LocalEulerAnglesHint: {x: 0.0002401546, y: -0.0001624119, z: 145.93027}
--- !u!1 &1318365921945261577
GameObject:
  m_ObjectHideFlags: 0
  m_CorrespondingSourceObject: {fileID: 0}
  m_PrefabInstance: {fileID: 0}
  m_PrefabAsset: {fileID: 0}
  serializedVersion: 6
  m_Component:
  - component: {fileID: 1318365921944832553}
  m_Layer: 11
  m_Name: Froggo_L_Arm_Bone001
  m_TagString: Untagged
  m_Icon: {fileID: 0}
  m_NavMeshLayer: 0
  m_StaticEditorFlags: 0
  m_IsActive: 1
--- !u!4 &1318365921944832553
Transform:
  m_ObjectHideFlags: 0
  m_CorrespondingSourceObject: {fileID: 0}
  m_PrefabInstance: {fileID: 0}
  m_PrefabAsset: {fileID: 0}
  m_GameObject: {fileID: 1318365921945261577}
  m_LocalRotation: {x: 0.018538188, y: 0.5748339, z: -0.23364194, w: 0.7839858}
  m_LocalPosition: {x: 6.190177, y: 0.000012817382, z: -0.000002746582}
  m_LocalScale: {x: 0.99999994, y: 0.99999994, z: 1}
  m_Children:
  - {fileID: 1318365921944832549}
  m_Father: {fileID: 1318365921944832545}
  m_RootOrder: 0
  m_LocalEulerAnglesHint: {x: -22.911182, y: 1.6580294, z: 83.470436}
--- !u!1 &1318365921945261579
GameObject:
  m_ObjectHideFlags: 0
  m_CorrespondingSourceObject: {fileID: 0}
  m_PrefabInstance: {fileID: 0}
  m_PrefabAsset: {fileID: 0}
  serializedVersion: 6
  m_Component:
  - component: {fileID: 1318365921944832555}
  - component: {fileID: 1318365921937876427}
  m_Layer: 11
  m_Name: FroggoMesh
  m_TagString: Untagged
  m_Icon: {fileID: 0}
  m_NavMeshLayer: 0
  m_StaticEditorFlags: 0
  m_IsActive: 1
--- !u!4 &1318365921944832555
Transform:
  m_ObjectHideFlags: 0
  m_CorrespondingSourceObject: {fileID: 0}
  m_PrefabInstance: {fileID: 0}
  m_PrefabAsset: {fileID: 0}
  m_GameObject: {fileID: 1318365921945261579}
  m_LocalRotation: {x: 0, y: 0, z: 0, w: 1}
  m_LocalPosition: {x: 0, y: -0.362, z: 0.185}
  m_LocalScale: {x: 1, y: 1, z: 1}
  m_Children:
  - {fileID: 1318365921944832565}
  - {fileID: 1318365921944832521}
  m_Father: {fileID: 0}
  m_RootOrder: 0
  m_LocalEulerAnglesHint: {x: 0, y: 0, z: 0}
--- !u!95 &1318365921937876427
Animator:
  serializedVersion: 3
  m_ObjectHideFlags: 0
  m_CorrespondingSourceObject: {fileID: 0}
  m_PrefabInstance: {fileID: 0}
  m_PrefabAsset: {fileID: 0}
  m_GameObject: {fileID: 1318365921945261579}
  m_Enabled: 1
  m_Avatar: {fileID: 9000000, guid: 867d2ce0efdc02744bdbfebf84ebaad1, type: 3}
  m_Controller: {fileID: 9100000, guid: 64defed386f903b4785e8addee6be5ea, type: 2}
  m_CullingMode: 1
  m_UpdateMode: 0
  m_ApplyRootMotion: 0
  m_LinearVelocityBlending: 0
  m_WarningMessage: 
  m_HasTransformHierarchy: 1
  m_AllowConstantClipSamplingOptimization: 1
  m_KeepAnimatorControllerStateOnDisable: 0
--- !u!1 &1318365921945261581
GameObject:
  m_ObjectHideFlags: 0
  m_CorrespondingSourceObject: {fileID: 0}
  m_PrefabInstance: {fileID: 0}
  m_PrefabAsset: {fileID: 0}
  serializedVersion: 6
  m_Component:
  - component: {fileID: 1318365921944832557}
  m_Layer: 11
  m_Name: Froggo_L_Foot_Bone001
  m_TagString: Untagged
  m_Icon: {fileID: 0}
  m_NavMeshLayer: 0
  m_StaticEditorFlags: 0
  m_IsActive: 1
--- !u!4 &1318365921944832557
Transform:
  m_ObjectHideFlags: 0
  m_CorrespondingSourceObject: {fileID: 0}
  m_PrefabInstance: {fileID: 0}
  m_PrefabAsset: {fileID: 0}
  m_GameObject: {fileID: 1318365921945261581}
  m_LocalRotation: {x: 0, y: 0, z: 0.1736482, w: 0.9848078}
  m_LocalPosition: {x: -4.5533223, y: -0.0000007629394, z: 0}
  m_LocalScale: {x: 0.9999999, y: 0.9999999, z: 1}
  m_Children: []
  m_Father: {fileID: 1318365921944832547}
  m_RootOrder: 0
  m_LocalEulerAnglesHint: {x: 0, y: 0, z: 50.000004}
--- !u!1 &1318365921945261583
GameObject:
  m_ObjectHideFlags: 0
  m_CorrespondingSourceObject: {fileID: 0}
  m_PrefabInstance: {fileID: 0}
  m_PrefabAsset: {fileID: 0}
  serializedVersion: 6
  m_Component:
  - component: {fileID: 1318365921944832559}
  m_Layer: 11
  m_Name: Froggo_L_Clave_Bone001
  m_TagString: Untagged
  m_Icon: {fileID: 0}
  m_NavMeshLayer: 0
  m_StaticEditorFlags: 0
  m_IsActive: 1
--- !u!4 &1318365921944832559
Transform:
  m_ObjectHideFlags: 0
  m_CorrespondingSourceObject: {fileID: 0}
  m_PrefabInstance: {fileID: 0}
  m_PrefabAsset: {fileID: 0}
  m_GameObject: {fileID: 1318365921945261583}
  m_LocalRotation: {x: -0.47666025, y: -0.52229774, z: -0.47665974, w: 0.52229834}
  m_LocalPosition: {x: -7.321733, y: -0.0463353, z: 1.1741879}
  m_LocalScale: {x: 1, y: 1, z: 1}
  m_Children:
  - {fileID: 1318365921944832545}
  m_Father: {fileID: 1318365921944832565}
  m_RootOrder: 0
  m_LocalEulerAnglesHint: {x: -84.76845, y: -89.9999, z: -0.00001872701}
--- !u!1 &1318365921945261585
GameObject:
  m_ObjectHideFlags: 0
  m_CorrespondingSourceObject: {fileID: 0}
  m_PrefabInstance: {fileID: 0}
  m_PrefabAsset: {fileID: 0}
  serializedVersion: 6
  m_Component:
  - component: {fileID: 1318365921944832561}
  m_Layer: 11
  m_Name: Froggo_R_Tight_Bone001
  m_TagString: Untagged
  m_Icon: {fileID: 0}
  m_NavMeshLayer: 0
  m_StaticEditorFlags: 0
  m_IsActive: 1
--- !u!4 &1318365921944832561
Transform:
  m_ObjectHideFlags: 0
  m_CorrespondingSourceObject: {fileID: 0}
  m_PrefabInstance: {fileID: 0}
  m_PrefabAsset: {fileID: 0}
  m_GameObject: {fileID: 1318365921945261585}
  m_LocalRotation: {x: -0.00000002277433, y: -0.000002579163, z: 0.99996704, w: -0.008118063}
  m_LocalPosition: {x: 0.19623047, y: 0.04150405, z: -2.770935}
  m_LocalScale: {x: 1, y: 1, z: 1}
  m_Children:
  - {fileID: 1318365921944832573}
  m_Father: {fileID: 1318365921944832565}
  m_RootOrder: 3
  m_LocalEulerAnglesHint: {x: 0.081364885, y: -4.99934, z: -179.07326}
--- !u!1 &1318365921945261587
GameObject:
  m_ObjectHideFlags: 0
  m_CorrespondingSourceObject: {fileID: 0}
  m_PrefabInstance: {fileID: 0}
  m_PrefabAsset: {fileID: 0}
  serializedVersion: 6
  m_Component:
  - component: {fileID: 1318365921944832563}
  m_Layer: 11
  m_Name: Froggo_R_Shoulder_Bone001
  m_TagString: Untagged
  m_Icon: {fileID: 0}
  m_NavMeshLayer: 0
  m_StaticEditorFlags: 0
  m_IsActive: 1
--- !u!4 &1318365921944832563
Transform:
  m_ObjectHideFlags: 0
  m_CorrespondingSourceObject: {fileID: 0}
  m_PrefabInstance: {fileID: 0}
  m_PrefabAsset: {fileID: 0}
  m_GameObject: {fileID: 1318365921945261587}
  m_LocalRotation: {x: -0.022910926, y: 0.38216314, z: -0.03200197, w: 0.92325634}
  m_LocalPosition: {x: -5.2924943, y: 0, z: -0.000000038146972}
  m_LocalScale: {x: 1, y: 1, z: 1}
  m_Children:
  - {fileID: 1318365921944832571}
  m_Father: {fileID: 1318365921944832569}
  m_RootOrder: 0
  m_LocalEulerAnglesHint: {x: 7.5774035, y: 8.916248, z: -6.215437}
--- !u!1 &1318365921945261589
GameObject:
  m_ObjectHideFlags: 0
  m_CorrespondingSourceObject: {fileID: 0}
  m_PrefabInstance: {fileID: 0}
  m_PrefabAsset: {fileID: 0}
  serializedVersion: 6
  m_Component:
  - component: {fileID: 1318365921944832565}
  m_Layer: 11
  m_Name: Froggo_Spine_Bone001
  m_TagString: Untagged
  m_Icon: {fileID: 0}
  m_NavMeshLayer: 0
  m_StaticEditorFlags: 0
  m_IsActive: 1
--- !u!4 &1318365921944832565
Transform:
  m_ObjectHideFlags: 0
  m_CorrespondingSourceObject: {fileID: 0}
  m_PrefabInstance: {fileID: 0}
  m_PrefabAsset: {fileID: 0}
  m_GameObject: {fileID: 1318365921945261589}
  m_LocalRotation: {x: 0.5010094, y: -0.49898872, z: 0.5010092, w: -0.49898857}
  m_LocalPosition: {x: -0, y: 0, z: 0}
  m_LocalScale: {x: 0.1, y: 0.1, z: 0.1}
  m_Children:
  - {fileID: 1318365921944832559}
  - {fileID: 1318365921944832551}
  - {fileID: 1318365921944832569}
  - {fileID: 1318365921944832561}
  - {fileID: 1318365921944832523}
  m_Father: {fileID: 1318365921944832555}
  m_RootOrder: 0
  m_LocalEulerAnglesHint: {x: -9.999925, y: 90.041664, z: -90.235146}
--- !u!1 &1318365921945261591
GameObject:
  m_ObjectHideFlags: 0
  m_CorrespondingSourceObject: {fileID: 0}
  m_PrefabInstance: {fileID: 0}
  m_PrefabAsset: {fileID: 0}
  serializedVersion: 6
  m_Component:
  - component: {fileID: 1318365921944832567}
  m_Layer: 11
  m_Name: Froggo_R_Wrist_Bone001
  m_TagString: Untagged
  m_Icon: {fileID: 0}
  m_NavMeshLayer: 0
  m_StaticEditorFlags: 0
  m_IsActive: 1
--- !u!4 &1318365921944832567
Transform:
  m_ObjectHideFlags: 0
  m_CorrespondingSourceObject: {fileID: 0}
  m_PrefabInstance: {fileID: 0}
  m_PrefabAsset: {fileID: 0}
  m_GameObject: {fileID: 1318365921945261591}
  m_LocalRotation: {x: 0.026859885, y: 0.57450503, z: -0.2449691, w: 0.78052074}
  m_LocalPosition: {x: -7.2279553, y: -0.0000024414062, z: -0.0000024414062}
  m_LocalScale: {x: 1, y: 1, z: 1}
  m_Children: []
  m_Father: {fileID: 1318365921944832571}
  m_RootOrder: 0
  m_LocalEulerAnglesHint: {x: 18.846243, y: 5.3792553, z: -61.148365}
--- !u!1 &1318365921945261593
GameObject:
  m_ObjectHideFlags: 0
  m_CorrespondingSourceObject: {fileID: 0}
  m_PrefabInstance: {fileID: 0}
  m_PrefabAsset: {fileID: 0}
  serializedVersion: 6
  m_Component:
  - component: {fileID: 1318365921944832569}
  m_Layer: 11
  m_Name: Froggo_R_Clave_Bone001
  m_TagString: Untagged
  m_Icon: {fileID: 0}
  m_NavMeshLayer: 0
  m_StaticEditorFlags: 0
  m_IsActive: 1
--- !u!4 &1318365921944832569
Transform:
  m_ObjectHideFlags: 0
  m_CorrespondingSourceObject: {fileID: 0}
  m_PrefabInstance: {fileID: 0}
  m_PrefabAsset: {fileID: 0}
  m_GameObject: {fileID: 1318365921945261593}
  m_LocalRotation: {x: 0.65962505, y: -0.25474453, z: 0.659625, w: 0.25474462}
  m_LocalPosition: {x: -7.321733, y: -0.04633469, z: -1.270563}
  m_LocalScale: {x: 1, y: 1, z: 1}
  m_Children:
  - {fileID: 1318365921944832563}
  m_Father: {fileID: 1318365921944832565}
  m_RootOrder: 2
  m_LocalEulerAnglesHint: {x: 84.76845, y: 89.99998, z: 179.99997}
--- !u!1 &1318365921945261595
GameObject:
  m_ObjectHideFlags: 0
  m_CorrespondingSourceObject: {fileID: 0}
  m_PrefabInstance: {fileID: 0}
  m_PrefabAsset: {fileID: 0}
  serializedVersion: 6
  m_Component:
  - component: {fileID: 1318365921944832571}
  m_Layer: 11
  m_Name: Froggo_R_Arm_Bone001
  m_TagString: Untagged
  m_Icon: {fileID: 0}
  m_NavMeshLayer: 0
  m_StaticEditorFlags: 0
  m_IsActive: 1
--- !u!4 &1318365921944832571
Transform:
  m_ObjectHideFlags: 0
  m_CorrespondingSourceObject: {fileID: 0}
  m_PrefabInstance: {fileID: 0}
  m_PrefabAsset: {fileID: 0}
  m_GameObject: {fileID: 1318365921945261595}
  m_LocalRotation: {x: 0.018538622, y: 0.5748338, z: -0.23364228, w: 0.7839858}
  m_LocalPosition: {x: -6.1901755, y: -0.0000012207031, z: 0.00000030517577}
  m_LocalScale: {x: 0.99999994, y: 0.99999994, z: 1}
  m_Children:
  - {fileID: 1318365921944832567}
  m_Father: {fileID: 1318365921944832563}
  m_RootOrder: 0
  m_LocalEulerAnglesHint: {x: 13.989135, y: 3.2213342, z: -31.59698}
--- !u!1 &1318365921945261597
GameObject:
  m_ObjectHideFlags: 0
  m_CorrespondingSourceObject: {fileID: 0}
  m_PrefabInstance: {fileID: 0}
  m_PrefabAsset: {fileID: 0}
  serializedVersion: 6
  m_Component:
  - component: {fileID: 1318365921944832573}
  m_Layer: 11
  m_Name: Froggo_R_Knee_Bone001
  m_TagString: Untagged
  m_Icon: {fileID: 0}
  m_NavMeshLayer: 0
  m_StaticEditorFlags: 0
  m_IsActive: 1
--- !u!4 &1318365921944832573
Transform:
  m_ObjectHideFlags: 0
  m_CorrespondingSourceObject: {fileID: 0}
  m_PrefabInstance: {fileID: 0}
  m_PrefabAsset: {fileID: 0}
  m_GameObject: {fileID: 1318365921945261597}
  m_LocalRotation: {x: 0.000002593001, y: 0.000000018123378, z: 0.29597843, w: 0.95519465}
  m_LocalPosition: {x: -3.678109, y: -0.00001709938, z: 0.00000030517577}
  m_LocalScale: {x: 1, y: 1, z: 1}
  m_Children:
  - {fileID: 1318365921944832575}
  m_Father: {fileID: 1318365921944832561}
  m_RootOrder: 0
  m_LocalEulerAnglesHint: {x: -2.0656288, y: 4.5542626, z: 24.350275}
--- !u!1 &1318365921945261599
GameObject:
  m_ObjectHideFlags: 0
  m_CorrespondingSourceObject: {fileID: 0}
  m_PrefabInstance: {fileID: 0}
  m_PrefabAsset: {fileID: 0}
  serializedVersion: 6
  m_Component:
  - component: {fileID: 1318365921944832575}
  m_Layer: 11
  m_Name: Froggo_R_Foot_Bone001
  m_TagString: Untagged
  m_Icon: {fileID: 0}
  m_NavMeshLayer: 0
  m_StaticEditorFlags: 0
  m_IsActive: 1
--- !u!4 &1318365921944832575
Transform:
  m_ObjectHideFlags: 0
  m_CorrespondingSourceObject: {fileID: 0}
  m_PrefabInstance: {fileID: 0}
  m_PrefabAsset: {fileID: 0}
  m_GameObject: {fileID: 1318365921945261599}
  m_LocalRotation: {x: 0, y: 0, z: 0.1736482, w: 0.9848078}
  m_LocalPosition: {x: -4.553323, y: -0.0000007629394, z: 0}
  m_LocalScale: {x: 0.9999999, y: 0.9999999, z: 1}
  m_Children: []
  m_Father: {fileID: 1318365921944832573}
  m_RootOrder: 0
  m_LocalEulerAnglesHint: {x: -0.86062557, y: 4.924977, z: 9.887254}
--- !u!1 &1318365921945261673
GameObject:
  m_ObjectHideFlags: 0
  m_CorrespondingSourceObject: {fileID: 0}
  m_PrefabInstance: {fileID: 0}
  m_PrefabAsset: {fileID: 0}
  serializedVersion: 6
  m_Component:
  - component: {fileID: 1318365921944832521}
  - component: {fileID: 1318365921942149899}
  m_Layer: 11
  m_Name: Frogo Frog001
  m_TagString: Untagged
  m_Icon: {fileID: 0}
  m_NavMeshLayer: 0
  m_StaticEditorFlags: 0
  m_IsActive: 1
--- !u!4 &1318365921944832521
Transform:
  m_ObjectHideFlags: 0
  m_CorrespondingSourceObject: {fileID: 0}
  m_PrefabInstance: {fileID: 0}
  m_PrefabAsset: {fileID: 0}
  m_GameObject: {fileID: 1318365921945261673}
  m_LocalRotation: {x: 0.7162277, y: -0.011316723, z: -0.004005877, w: 0.6977634}
  m_LocalPosition: {x: -0, y: 0, z: 0}
  m_LocalScale: {x: 0.07217682, y: 0.07217682, z: 0.06484293}
  m_Children: []
  m_Father: {fileID: 1318365921944832555}
  m_RootOrder: 1
  m_LocalEulerAnglesHint: {x: 0, y: 0, z: 0}
--- !u!137 &1318365921942149899
SkinnedMeshRenderer:
  m_ObjectHideFlags: 0
  m_CorrespondingSourceObject: {fileID: 0}
  m_PrefabInstance: {fileID: 0}
  m_PrefabAsset: {fileID: 0}
  m_GameObject: {fileID: 1318365921945261673}
  m_Enabled: 1
  m_CastShadows: 1
  m_ReceiveShadows: 1
  m_DynamicOccludee: 1
  m_MotionVectors: 1
  m_LightProbeUsage: 1
  m_ReflectionProbeUsage: 1
  m_RenderingLayerMask: 1
  m_RendererPriority: 0
  m_Materials:
  - {fileID: 2100000, guid: 2c813ffb7a78ce3479dfadf2944b96cc, type: 2}
  - {fileID: 2100000, guid: 5679e60be9331e84baafe18b7170cb0a, type: 2}
  - {fileID: 2100000, guid: 20151ba37a9896a45aa4bf5558deb9a3, type: 2}
  - {fileID: 2100000, guid: 27415e5c27ee9fa49ae57e356d85e203, type: 2}
  - {fileID: 2100000, guid: dc06ffc1304aa1940a1b304b49dbb29d, type: 2}
  - {fileID: 2100000, guid: 5d7ade44365331648ab6f23175b54d7a, type: 2}
  m_StaticBatchInfo:
    firstSubMesh: 0
    subMeshCount: 0
  m_StaticBatchRoot: {fileID: 0}
  m_ProbeAnchor: {fileID: 0}
  m_LightProbeVolumeOverride: {fileID: 0}
  m_ScaleInLightmap: 1
  m_PreserveUVs: 0
  m_IgnoreNormalsForChartDetection: 0
  m_ImportantGI: 0
  m_StitchLightmapSeams: 0
  m_SelectedEditorRenderState: 3
  m_MinimumChartSize: 4
  m_AutoUVMaxDistance: 0.5
  m_AutoUVMaxAngle: 89
  m_LightmapParameters: {fileID: 0}
  m_SortingLayerID: 0
  m_SortingLayer: 0
  m_SortingOrder: 0
  serializedVersion: 2
  m_Quality: 0
  m_UpdateWhenOffscreen: 0
  m_SkinnedMotionVectors: 1
  m_Mesh: {fileID: 4300000, guid: 867d2ce0efdc02744bdbfebf84ebaad1, type: 3}
  m_Bones:
  - {fileID: 1318365921944832565}
  - {fileID: 1318365921944832547}
  - {fileID: 1318365921944832551}
  - {fileID: 1318365921944832553}
  - {fileID: 1318365921944832545}
  - {fileID: 1318365921944832559}
  - {fileID: 1318365921944832573}
  - {fileID: 1318365921944832561}
  - {fileID: 1318365921944832571}
  - {fileID: 1318365921944832563}
  - {fileID: 1318365921944832569}
  m_BlendShapeWeights: []
  m_RootBone: {fileID: 1318365921944832565}
  m_AABB:
    m_Center: {x: -3.5785294, y: -1.3306317, z: -0.12111616}
    m_Extent: {x: 12.752726, y: 11.416569, z: 12.562082}
  m_DirtyAABB: 0
--- !u!1 &1318365921945261675
GameObject:
  m_ObjectHideFlags: 0
  m_CorrespondingSourceObject: {fileID: 0}
  m_PrefabInstance: {fileID: 0}
  m_PrefabAsset: {fileID: 0}
  serializedVersion: 6
  m_Component:
  - component: {fileID: 1318365921944832523}
  m_Layer: 11
  m_Name: Froggo_SpineNub_Bone001
  m_TagString: Untagged
  m_Icon: {fileID: 0}
  m_NavMeshLayer: 0
  m_StaticEditorFlags: 0
  m_IsActive: 1
--- !u!4 &1318365921944832523
Transform:
  m_ObjectHideFlags: 0
  m_CorrespondingSourceObject: {fileID: 0}
  m_PrefabInstance: {fileID: 0}
  m_PrefabAsset: {fileID: 0}
  m_GameObject: {fileID: 1318365921945261675}
  m_LocalRotation: {x: 5.4673063e-15, y: 1.3877788e-17, z: -7.5874117e-32, w: 1}
  m_LocalPosition: {x: -15.69901, y: -0.000007781982, z: 0.000000010333424}
  m_LocalScale: {x: 1, y: 1, z: 1}
  m_Children: []
  m_Father: {fileID: 1318365921944832565}
  m_RootOrder: 4
  m_LocalEulerAnglesHint: {x: 0, y: -20, z: 0}
