%YAML 1.1
%TAG !u! tag:unity3d.com,2011:
--- !u!1 &1656764562901227840
GameObject:
  m_ObjectHideFlags: 0
  m_CorrespondingSourceObject: {fileID: 0}
  m_PrefabInstance: {fileID: 0}
  m_PrefabAsset: {fileID: 0}
  serializedVersion: 6
  m_Component:
  - component: {fileID: 853921183695132030}
  - component: {fileID: 577979532300688437}
  m_Layer: 0
  m_Name: ShieldBox
  m_TagString: ForceField
  m_Icon: {fileID: 0}
  m_NavMeshLayer: 0
  m_StaticEditorFlags: 0
  m_IsActive: 1
--- !u!4 &853921183695132030
Transform:
  m_ObjectHideFlags: 0
  m_CorrespondingSourceObject: {fileID: 0}
  m_PrefabInstance: {fileID: 0}
  m_PrefabAsset: {fileID: 0}
  m_GameObject: {fileID: 1656764562901227840}
  m_LocalRotation: {x: 0, y: 0, z: 0, w: 1}
  m_LocalPosition: {x: 0, y: -0.34, z: 0}
  m_LocalScale: {x: 4, y: 4, z: 4}
  m_Children:
  - {fileID: 2023465950225144397}
  m_Father: {fileID: 8293392168146310530}
  m_RootOrder: 2
  m_LocalEulerAnglesHint: {x: 0, y: 0, z: 0}
--- !u!65 &577979532300688437
BoxCollider:
  m_ObjectHideFlags: 0
  m_CorrespondingSourceObject: {fileID: 0}
  m_PrefabInstance: {fileID: 0}
  m_PrefabAsset: {fileID: 0}
  m_GameObject: {fileID: 1656764562901227840}
  m_Material: {fileID: 0}
  m_IsTrigger: 1
  m_Enabled: 1
  serializedVersion: 2
  m_Size: {x: 1, y: 4.25, z: 1}
  m_Center: {x: 0, y: 0, z: 0}
--- !u!1 &8293392167873660829
GameObject:
  m_ObjectHideFlags: 0
  m_CorrespondingSourceObject: {fileID: 0}
  m_PrefabInstance: {fileID: 0}
  m_PrefabAsset: {fileID: 0}
  serializedVersion: 6
  m_Component:
  - component: {fileID: 8293392167873660826}
  - component: {fileID: 8293392167873660827}
  m_Layer: 10
  m_Name: Mesh
  m_TagString: Enemy
  m_Icon: {fileID: 0}
  m_NavMeshLayer: 0
  m_StaticEditorFlags: 0
  m_IsActive: 1
--- !u!4 &8293392167873660826
Transform:
  m_ObjectHideFlags: 0
  m_CorrespondingSourceObject: {fileID: 0}
  m_PrefabInstance: {fileID: 0}
  m_PrefabAsset: {fileID: 0}
  m_GameObject: {fileID: 8293392167873660829}
  m_LocalRotation: {x: 0, y: 1, z: 0, w: 0}
  m_LocalPosition: {x: 0, y: 0, z: 0}
  m_LocalScale: {x: 2, y: 2, z: 2}
  m_Children:
  - {fileID: 8293392168026319928}
  m_Father: {fileID: 8293392168146310530}
  m_RootOrder: 0
  m_LocalEulerAnglesHint: {x: 0, y: 180, z: 0}
--- !u!135 &8293392167873660827
SphereCollider:
  m_ObjectHideFlags: 0
  m_CorrespondingSourceObject: {fileID: 0}
  m_PrefabInstance: {fileID: 0}
  m_PrefabAsset: {fileID: 0}
  m_GameObject: {fileID: 8293392167873660829}
  m_Material: {fileID: 13400000, guid: 9965ec6f7874e2944954dd7a1640ebc2, type: 2}
  m_IsTrigger: 0
  m_Enabled: 1
  serializedVersion: 2
  m_Radius: 0.5
  m_Center: {x: 0, y: 0.5, z: 0}
--- !u!1 &8293392168026319931
GameObject:
  m_ObjectHideFlags: 0
  m_CorrespondingSourceObject: {fileID: 0}
  m_PrefabInstance: {fileID: 0}
  m_PrefabAsset: {fileID: 0}
  serializedVersion: 6
  m_Component:
  - component: {fileID: 8293392168026319928}
  m_Layer: 0
  m_Name: Ennemi1
  m_TagString: Untagged
  m_Icon: {fileID: 0}
  m_NavMeshLayer: 0
  m_StaticEditorFlags: 0
  m_IsActive: 1
--- !u!4 &8293392168026319928
Transform:
  m_ObjectHideFlags: 0
  m_CorrespondingSourceObject: {fileID: 0}
  m_PrefabInstance: {fileID: 0}
  m_PrefabAsset: {fileID: 0}
  m_GameObject: {fileID: 8293392168026319931}
  m_LocalRotation: {x: -0, y: 1, z: -0, w: 0}
  m_LocalPosition: {x: -1.414, y: -0.44, z: -0.29599735}
  m_LocalScale: {x: 1, y: 1, z: 1}
  m_Children:
  - {fileID: 8293392169258121698}
  - {fileID: 8293392169602047478}
  m_Father: {fileID: 8293392167873660826}
  m_RootOrder: 0
  m_LocalEulerAnglesHint: {x: 0, y: 180, z: 0}
--- !u!1 &8293392168146310534
GameObject:
  m_ObjectHideFlags: 0
  m_CorrespondingSourceObject: {fileID: 0}
  m_PrefabInstance: {fileID: 0}
  m_PrefabAsset: {fileID: 0}
  serializedVersion: 6
  m_Component:
  - component: {fileID: 8293392168146310530}
  - component: {fileID: 8293392168146310533}
  - component: {fileID: 8293392168146310535}
  m_Layer: 10
  m_Name: SbTootRedShield
  m_TagString: Enemy
  m_Icon: {fileID: 0}
  m_NavMeshLayer: 0
  m_StaticEditorFlags: 0
  m_IsActive: 1
--- !u!4 &8293392168146310530
Transform:
  m_ObjectHideFlags: 0
  m_CorrespondingSourceObject: {fileID: 0}
  m_PrefabInstance: {fileID: 0}
  m_PrefabAsset: {fileID: 0}
  m_GameObject: {fileID: 8293392168146310534}
  m_LocalRotation: {x: 0, y: 0, z: 0, w: 1}
  m_LocalPosition: {x: -9, y: 0, z: 13}
  m_LocalScale: {x: 1, y: 1, z: 1}
  m_Children:
  - {fileID: 8293392167873660826}
  - {fileID: 8293392168802899592}
  - {fileID: 853921183695132030}
  - {fileID: 8293392168955060770}
  m_Father: {fileID: 0}
  m_RootOrder: 0
  m_LocalEulerAnglesHint: {x: 0, y: 0, z: 0}
--- !u!54 &8293392168146310533
Rigidbody:
  m_ObjectHideFlags: 0
  m_CorrespondingSourceObject: {fileID: 0}
  m_PrefabInstance: {fileID: 0}
  m_PrefabAsset: {fileID: 0}
  m_GameObject: {fileID: 8293392168146310534}
  serializedVersion: 2
  m_Mass: 100
  m_Drag: 0
  m_AngularDrag: 0.05
  m_UseGravity: 0
  m_IsKinematic: 0
  m_Interpolate: 0
  m_Constraints: 12
  m_CollisionDetection: 0
--- !u!114 &8293392168146310535
MonoBehaviour:
  m_ObjectHideFlags: 0
  m_CorrespondingSourceObject: {fileID: 0}
  m_PrefabInstance: {fileID: 0}
  m_PrefabAsset: {fileID: 0}
  m_GameObject: {fileID: 8293392168146310534}
  m_Enabled: 1
  m_EditorHideFlags: 0
  m_Script: {fileID: 11500000, guid: bf581d17f93d18342b8bb6acc2f51256, type: 3}
  m_Name: 
  m_EditorClassIdentifier: 
  spd: 6
  index: 0
  trackSpawn: []
  trackLoop: []
  trackToFollow: []
  es: {fileID: 8293392168955060771}
--- !u!1 &8293392168223393207
GameObject:
  m_ObjectHideFlags: 0
  m_CorrespondingSourceObject: {fileID: 0}
  m_PrefabInstance: {fileID: 0}
  m_PrefabAsset: {fileID: 0}
  serializedVersion: 6
  m_Component:
  - component: {fileID: 8293392168223393204}
  - component: {fileID: 8293392168223393205}
  m_Layer: 10
  m_Name: Weapon
  m_TagString: Untagged
  m_Icon: {fileID: 0}
  m_NavMeshLayer: 0
  m_StaticEditorFlags: 0
  m_IsActive: 1
--- !u!4 &8293392168223393204
Transform:
  m_ObjectHideFlags: 0
  m_CorrespondingSourceObject: {fileID: 0}
  m_PrefabInstance: {fileID: 0}
  m_PrefabAsset: {fileID: 0}
  m_GameObject: {fileID: 8293392168223393207}
  m_LocalRotation: {x: 0, y: 0, z: 0, w: 1}
  m_LocalPosition: {x: 0, y: 0, z: 1.31}
  m_LocalScale: {x: 1, y: 1, z: 1}
  m_Children: []
  m_Father: {fileID: 8293392168955060770}
  m_RootOrder: 0
  m_LocalEulerAnglesHint: {x: 0, y: 0, z: 0}
--- !u!114 &8293392168223393205
MonoBehaviour:
  m_ObjectHideFlags: 0
  m_CorrespondingSourceObject: {fileID: 0}
  m_PrefabInstance: {fileID: 0}
  m_PrefabAsset: {fileID: 0}
  m_GameObject: {fileID: 8293392168223393207}
  m_Enabled: 0
  m_EditorHideFlags: 0
  m_Script: {fileID: 11500000, guid: fd5f272c65fb4224f9aa41f508a2210f, type: 3}
  m_Name: 
  m_EditorClassIdentifier: 
  isShooting: 0
  bullet: {fileID: 2429055952345970314, guid: 7c7ad78fa5f7bda41a868989fc2d42f9, type: 3}
  isAiming: 0
  wait: 0
  bulletNb: 0
  rateOfFire: 0.6
  angleOfFire: 15
  mesh: {fileID: 0}
  animator: {fileID: 8293392169250854402}
  boss: 0
--- !u!1 &8293392168802899595
GameObject:
  m_ObjectHideFlags: 0
  m_CorrespondingSourceObject: {fileID: 0}
  m_PrefabInstance: {fileID: 0}
  m_PrefabAsset: {fileID: 0}
  serializedVersion: 6
  m_Component:
  - component: {fileID: 8293392168802899592}
  - component: {fileID: 8293392168802899590}
  - component: {fileID: 8293392168802899593}
  m_Layer: 0
  m_Name: Hitbox
  m_TagString: Enemy
  m_Icon: {fileID: 0}
  m_NavMeshLayer: 0
  m_StaticEditorFlags: 0
  m_IsActive: 1
--- !u!4 &8293392168802899592
Transform:
  m_ObjectHideFlags: 0
  m_CorrespondingSourceObject: {fileID: 0}
  m_PrefabInstance: {fileID: 0}
  m_PrefabAsset: {fileID: 0}
  m_GameObject: {fileID: 8293392168802899595}
  m_LocalRotation: {x: -0, y: -0, z: -0, w: 1}
  m_LocalPosition: {x: 0, y: 0, z: 0}
  m_LocalScale: {x: 2, y: 2, z: 2}
  m_Children: []
  m_Father: {fileID: 8293392168146310530}
  m_RootOrder: 1
  m_LocalEulerAnglesHint: {x: 0, y: 0, z: 0}
--- !u!135 &8293392168802899590
SphereCollider:
  m_ObjectHideFlags: 0
  m_CorrespondingSourceObject: {fileID: 0}
  m_PrefabInstance: {fileID: 0}
  m_PrefabAsset: {fileID: 0}
  m_GameObject: {fileID: 8293392168802899595}
  m_Material: {fileID: 0}
  m_IsTrigger: 1
  m_Enabled: 1
  serializedVersion: 2
  m_Radius: 0.5
  m_Center: {x: 0, y: 0, z: 0}
--- !u!65 &8293392168802899593
BoxCollider:
  m_ObjectHideFlags: 0
  m_CorrespondingSourceObject: {fileID: 0}
  m_PrefabInstance: {fileID: 0}
  m_PrefabAsset: {fileID: 0}
  m_GameObject: {fileID: 8293392168802899595}
  m_Material: {fileID: 0}
  m_IsTrigger: 1
  m_Enabled: 1
  serializedVersion: 2
  m_Size: {x: 1, y: 4.28, z: 1}
  m_Center: {x: 0, y: 0, z: 0}
--- !u!1 &8293392168955060773
GameObject:
  m_ObjectHideFlags: 0
  m_CorrespondingSourceObject: {fileID: 0}
  m_PrefabInstance: {fileID: 0}
  m_PrefabAsset: {fileID: 0}
  serializedVersion: 6
  m_Component:
  - component: {fileID: 8293392168955060770}
  - component: {fileID: 8293392168955060771}
  m_Layer: 10
  m_Name: Weapon
  m_TagString: Untagged
  m_Icon: {fileID: 0}
  m_NavMeshLayer: 0
  m_StaticEditorFlags: 0
  m_IsActive: 1
--- !u!4 &8293392168955060770
Transform:
  m_ObjectHideFlags: 0
  m_CorrespondingSourceObject: {fileID: 0}
  m_PrefabInstance: {fileID: 0}
  m_PrefabAsset: {fileID: 0}
  m_GameObject: {fileID: 8293392168955060773}
  m_LocalRotation: {x: 0, y: 1, z: 0, w: 0}
  m_LocalPosition: {x: 0, y: 0, z: 0}
  m_LocalScale: {x: 1, y: 1, z: 1}
  m_Children:
  - {fileID: 8293392168223393204}
  m_Father: {fileID: 8293392168146310530}
  m_RootOrder: 3
  m_LocalEulerAnglesHint: {x: 0, y: 180, z: 0}
--- !u!114 &8293392168955060771
MonoBehaviour:
  m_ObjectHideFlags: 0
  m_CorrespondingSourceObject: {fileID: 0}
  m_PrefabInstance: {fileID: 0}
  m_PrefabAsset: {fileID: 0}
  m_GameObject: {fileID: 8293392168955060773}
  m_Enabled: 0
  m_EditorHideFlags: 0
  m_Script: {fileID: 11500000, guid: fd5f272c65fb4224f9aa41f508a2210f, type: 3}
  m_Name: 
  m_EditorClassIdentifier: 
  isShooting: 0
  bullet: {fileID: 2429055952345970314, guid: 7c7ad78fa5f7bda41a868989fc2d42f9, type: 3}
  isAiming: 1
  wait: 0
  bulletNb: 1
  rateOfFire: 0.6
  angleOfFire: 0
  mesh: {fileID: 8293392167873660829}
  animator: {fileID: 8293392169250854402}
  boss: 0
--- !u!114 &7544168233081207007
MonoBehaviour:
  m_ObjectHideFlags: 0
  m_CorrespondingSourceObject: {fileID: 0}
  m_PrefabInstance: {fileID: 0}
  m_PrefabAsset: {fileID: 0}
  m_GameObject: {fileID: 8293392169258280386}
  m_Enabled: 1
  m_EditorHideFlags: 0
  m_Script: {fileID: 11500000, guid: c1a651d3cd3f9d346a408b58f14bd0aa, type: 3}
  m_Name: 
  m_EditorClassIdentifier: 
  es: {fileID: 8293392168955060771}
  psBites: []
  go: {fileID: 0}
--- !u!1 &8293392169602047481
GameObject:
  m_ObjectHideFlags: 0
  m_CorrespondingSourceObject: {fileID: 0}
  m_PrefabInstance: {fileID: 0}
  m_PrefabAsset: {fileID: 0}
  serializedVersion: 6
  m_Component:
  - component: {fileID: 8293392169602047478}
  - component: {fileID: 8293392169602047477}
  - component: {fileID: 8293392169602047476}
  - component: {fileID: 8293392169602047479}
  m_Layer: 0
  m_Name: "h\xE9lice"
  m_TagString: Untagged
  m_Icon: {fileID: 0}
  m_NavMeshLayer: 0
  m_StaticEditorFlags: 0
  m_IsActive: 1
--- !u!4 &8293392169602047478
Transform:
  m_ObjectHideFlags: 0
  m_CorrespondingSourceObject: {fileID: 0}
  m_PrefabInstance: {fileID: 0}
  m_PrefabAsset: {fileID: 0}
  m_GameObject: {fileID: 8293392169602047481}
  m_LocalRotation: {x: -0.55381393, y: -0.43913072, z: -0.43903324, w: 0.55471087}
  m_LocalPosition: {x: -1.432, y: 1.694, z: -0.235}
  m_LocalScale: {x: 1, y: 0.99999994, z: 0.8478671}
  m_Children: []
  m_Father: {fileID: 8293392168026319928}
  m_RootOrder: 1
  m_LocalEulerAnglesHint: {x: 0, y: 0, z: 0}
--- !u!33 &8293392169602047477
MeshFilter:
  m_ObjectHideFlags: 0
  m_CorrespondingSourceObject: {fileID: 0}
  m_PrefabInstance: {fileID: 0}
  m_PrefabAsset: {fileID: 0}
  m_GameObject: {fileID: 8293392169602047481}
  m_Mesh: {fileID: 4300038, guid: 591e2c41d1f5de74f8d1886900d20f04, type: 3}
--- !u!23 &8293392169602047476
MeshRenderer:
  m_ObjectHideFlags: 0
  m_CorrespondingSourceObject: {fileID: 0}
  m_PrefabInstance: {fileID: 0}
  m_PrefabAsset: {fileID: 0}
  m_GameObject: {fileID: 8293392169602047481}
  m_Enabled: 1
  m_CastShadows: 1
  m_ReceiveShadows: 1
  m_DynamicOccludee: 1
  m_MotionVectors: 1
  m_LightProbeUsage: 1
  m_ReflectionProbeUsage: 1
  m_RenderingLayerMask: 1
  m_RendererPriority: 0
  m_Materials:
  - {fileID: 2100000, guid: 4fc6f31427526ca4bb7db32b030a2905, type: 2}
  - {fileID: 2100000, guid: 8ae9f7acec002fe4e92fe41d23bd96a0, type: 2}
  m_StaticBatchInfo:
    firstSubMesh: 0
    subMeshCount: 0
  m_StaticBatchRoot: {fileID: 0}
  m_ProbeAnchor: {fileID: 0}
  m_LightProbeVolumeOverride: {fileID: 0}
  m_ScaleInLightmap: 1
  m_PreserveUVs: 0
  m_IgnoreNormalsForChartDetection: 0
  m_ImportantGI: 0
  m_StitchLightmapSeams: 0
  m_SelectedEditorRenderState: 3
  m_MinimumChartSize: 4
  m_AutoUVMaxDistance: 0.5
  m_AutoUVMaxAngle: 89
  m_LightmapParameters: {fileID: 0}
  m_SortingLayerID: 0
  m_SortingLayer: 0
  m_SortingOrder: 0
--- !u!95 &8293392169602047479
Animator:
  serializedVersion: 3
  m_ObjectHideFlags: 0
  m_CorrespondingSourceObject: {fileID: 0}
  m_PrefabInstance: {fileID: 0}
  m_PrefabAsset: {fileID: 0}
  m_GameObject: {fileID: 8293392169602047481}
  m_Enabled: 1
  m_Avatar: {fileID: 0}
  m_Controller: {fileID: 9100000, guid: 4e5a57e51150fc549b461057a9ee1d8c, type: 2}
  m_CullingMode: 0
  m_UpdateMode: 0
  m_ApplyRootMotion: 0
  m_LinearVelocityBlending: 0
  m_WarningMessage: 
  m_HasTransformHierarchy: 1
  m_AllowConstantClipSamplingOptimization: 1
  m_KeepAnimatorControllerStateOnDisable: 0
--- !u!1 &8882282702339021399
GameObject:
  m_ObjectHideFlags: 0
  m_CorrespondingSourceObject: {fileID: 0}
  m_PrefabInstance: {fileID: 0}
  m_PrefabAsset: {fileID: 0}
  serializedVersion: 6
  m_Component:
  - component: {fileID: 2023465950225144397}
  - component: {fileID: 4679838484033981221}
  - component: {fileID: 6160570217087292392}
  m_Layer: 0
  m_Name: Shield (1)
  m_TagString: ForceField
  m_Icon: {fileID: 0}
  m_NavMeshLayer: 0
  m_StaticEditorFlags: 0
  m_IsActive: 1
--- !u!4 &2023465950225144397
Transform:
  m_ObjectHideFlags: 0
  m_CorrespondingSourceObject: {fileID: 0}
  m_PrefabInstance: {fileID: 0}
  m_PrefabAsset: {fileID: 0}
  m_GameObject: {fileID: 8882282702339021399}
  m_LocalRotation: {x: -0, y: 0.7071068, z: -0.7071068, w: 0}
  m_LocalPosition: {x: 0, y: 0.424, z: -0.048}
  m_LocalScale: {x: 1, y: 1, z: 1}
  m_Children: []
  m_Father: {fileID: 853921183695132030}
  m_RootOrder: 0
  m_LocalEulerAnglesHint: {x: 90, y: 180, z: 0}
--- !u!33 &4679838484033981221
MeshFilter:
  m_ObjectHideFlags: 0
  m_CorrespondingSourceObject: {fileID: 0}
  m_PrefabInstance: {fileID: 0}
  m_PrefabAsset: {fileID: 0}
  m_GameObject: {fileID: 8882282702339021399}
  m_Mesh: {fileID: 10207, guid: 0000000000000000e000000000000000, type: 0}
--- !u!23 &6160570217087292392
MeshRenderer:
  m_ObjectHideFlags: 0
  m_CorrespondingSourceObject: {fileID: 0}
  m_PrefabInstance: {fileID: 0}
  m_PrefabAsset: {fileID: 0}
  m_GameObject: {fileID: 8882282702339021399}
  m_Enabled: 1
  m_CastShadows: 1
  m_ReceiveShadows: 1
  m_DynamicOccludee: 1
  m_MotionVectors: 1
  m_LightProbeUsage: 1
  m_ReflectionProbeUsage: 1
  m_RenderingLayerMask: 1
  m_RendererPriority: 0
  m_Materials:
  - {fileID: 2100000, guid: cfffe1217f0518244bae3c6a1d42ea65, type: 2}
  m_StaticBatchInfo:
    firstSubMesh: 0
    subMeshCount: 0
  m_StaticBatchRoot: {fileID: 0}
  m_ProbeAnchor: {fileID: 0}
  m_LightProbeVolumeOverride: {fileID: 0}
  m_ScaleInLightmap: 1
  m_PreserveUVs: 0
  m_IgnoreNormalsForChartDetection: 0
  m_ImportantGI: 0
  m_StitchLightmapSeams: 0
  m_SelectedEditorRenderState: 3
  m_MinimumChartSize: 4
  m_AutoUVMaxDistance: 0.5
  m_AutoUVMaxAngle: 89
  m_LightmapParameters: {fileID: 0}
  m_SortingLayerID: 0
  m_SortingLayer: 0
  m_SortingOrder: 0
--- !u!1001 &8293392169258247010
PrefabInstance:
  m_ObjectHideFlags: 0
  serializedVersion: 2
  m_Modification:
    m_TransformParent: {fileID: 8293392168026319928}
    m_Modifications:
    - target: {fileID: 100000, guid: 83b9159c8e6bcba41ab7c8d888b81342, type: 3}
      propertyPath: m_Name
      value: SbToot
      objectReference: {fileID: 0}
    - target: {fileID: 9500000, guid: 83b9159c8e6bcba41ab7c8d888b81342, type: 3}
      propertyPath: m_Controller
      value: 
      objectReference: {fileID: 9100000, guid: c6ea52c1c5b358a438ae002486a41955, type: 2}
    - target: {fileID: 400000, guid: 83b9159c8e6bcba41ab7c8d888b81342, type: 3}
      propertyPath: m_LocalPosition.x
      value: -1.4280739
      objectReference: {fileID: 0}
    - target: {fileID: 400000, guid: 83b9159c8e6bcba41ab7c8d888b81342, type: 3}
      propertyPath: m_LocalPosition.y
      value: 1.0149319
      objectReference: {fileID: 0}
    - target: {fileID: 400000, guid: 83b9159c8e6bcba41ab7c8d888b81342, type: 3}
      propertyPath: m_LocalPosition.z
      value: -0.3241056
      objectReference: {fileID: 0}
    - target: {fileID: 400000, guid: 83b9159c8e6bcba41ab7c8d888b81342, type: 3}
      propertyPath: m_LocalRotation.x
      value: -0.11385072
      objectReference: {fileID: 0}
    - target: {fileID: 400000, guid: 83b9159c8e6bcba41ab7c8d888b81342, type: 3}
      propertyPath: m_LocalRotation.y
      value: 0.85218036
      objectReference: {fileID: 0}
    - target: {fileID: 400000, guid: 83b9159c8e6bcba41ab7c8d888b81342, type: 3}
      propertyPath: m_LocalRotation.z
      value: -0.1065482
      objectReference: {fileID: 0}
    - target: {fileID: 400000, guid: 83b9159c8e6bcba41ab7c8d888b81342, type: 3}
      propertyPath: m_LocalRotation.w
      value: 0.49947378
      objectReference: {fileID: 0}
    - target: {fileID: 400000, guid: 83b9159c8e6bcba41ab7c8d888b81342, type: 3}
      propertyPath: m_RootOrder
      value: 0
      objectReference: {fileID: 0}
    - target: {fileID: 400000, guid: 83b9159c8e6bcba41ab7c8d888b81342, type: 3}
      propertyPath: m_LocalEulerAnglesHint.x
      value: 3.8910003
      objectReference: {fileID: 0}
    - target: {fileID: 400000, guid: 83b9159c8e6bcba41ab7c8d888b81342, type: 3}
      propertyPath: m_LocalEulerAnglesHint.y
      value: 118.65001
      objectReference: {fileID: 0}
    - target: {fileID: 400000, guid: 83b9159c8e6bcba41ab7c8d888b81342, type: 3}
      propertyPath: m_LocalEulerAnglesHint.z
      value: -17.528002
      objectReference: {fileID: 0}
    - target: {fileID: 2300000, guid: 83b9159c8e6bcba41ab7c8d888b81342, type: 3}
      propertyPath: m_Materials.Array.data[4]
      value: 
      objectReference: {fileID: 2100000, guid: 020c599ac1d46de47ae7ec2c3a61905f, type: 2}
    m_RemovedComponents: []
  m_SourcePrefab: {fileID: 100100000, guid: 83b9159c8e6bcba41ab7c8d888b81342, type: 3}
--- !u!1 &8293392169258280386 stripped
GameObject:
  m_CorrespondingSourceObject: {fileID: 100000, guid: 83b9159c8e6bcba41ab7c8d888b81342,
    type: 3}
  m_PrefabInstance: {fileID: 8293392169258247010}
  m_PrefabAsset: {fileID: 0}
--- !u!4 &8293392169258121698 stripped
Transform:
  m_CorrespondingSourceObject: {fileID: 400000, guid: 83b9159c8e6bcba41ab7c8d888b81342,
    type: 3}
  m_PrefabInstance: {fileID: 8293392169258247010}
  m_PrefabAsset: {fileID: 0}
--- !u!95 &8293392169250854402 stripped
Animator:
  m_CorrespondingSourceObject: {fileID: 9500000, guid: 83b9159c8e6bcba41ab7c8d888b81342,
    type: 3}
  m_PrefabInstance: {fileID: 8293392169258247010}
  m_PrefabAsset: {fileID: 0}
